<?xml version="1.0" encoding="UTF-8"?><collection xmlns="http://www.loc.gov/MARC21/slim"><record><leader>00410nam--2200145-i-4500</leader><controlfield tag="001">000039638</controlfield><controlfield tag="002">20161230</controlfield><controlfield tag="005">20161230201042</controlfield><controlfield tag="008">060222s1000------------r-----000-0-eng-d</controlfield><datafield ind1=" " ind2=" " tag="080"><subfield code="a">51.01(082.1):517.1</subfield></datafield><datafield ind1=" " ind2=" " tag="100"><subfield code="a">Rosser, Barkley J.And Turquette, Atwell</subfield></datafield><datafield ind1=" " ind2=" " tag="245"><subfield code="a">Many-valued locigs</subfield></datafield><datafield ind1=" " ind2=" " tag="260"><subfield code="a">Amsterdam, North-holland, 1952, /Vi/+124p</subfield></datafield><datafield ind1=" " ind2=" " tag="490"><subfield code="a">Studies In Logic And The Found.Of Math</subfield></datafield><datafield ind1=" " ind2=" " tag="852"><subfield code="a">11684</subfield></datafield></record></collection>